<collection xmlns="http://www.loc.gov/MARC21/slim">
   <record>
      <leader>02902nam a2200481 i 4500</leader>
      <controlfield tag="001">6799293</controlfield>
      <controlfield tag="003">StDuBDS</controlfield>
      <controlfield tag="005">20150113143006.0</controlfield>
      <controlfield tag="006">m||||||||d||||||||</controlfield>
      <controlfield tag="007">cr |||||||||||</controlfield>
      <controlfield tag="008">141208s2015    nyu    fo|    001|0|eng|d</controlfield>
      <datafield ind1=" " ind2=" " tag="020">
         <subfield code="a">9780199376209 (ebook) :</subfield>
         <subfield code="c">No price</subfield>
      </datafield>
      <datafield ind1=" " ind2=" " tag="035">
         <subfield code="a">ocn900727739</subfield>
      </datafield>
      <datafield ind1=" " ind2=" " tag="039">
         <subfield code="a">exclude</subfield>
      </datafield>
      <datafield ind1=" " ind2=" " tag="040">
         <subfield code="a">StDuBDS</subfield>
         <subfield code="b">eng</subfield>
         <subfield code="c">StDuBDS</subfield>
         <subfield code="e">rda</subfield>
         <subfield code="e">pn</subfield>
         <subfield code="d">AEU</subfield>
      </datafield>
      <datafield ind1=" " ind2="0" tag="050">
         <subfield code="a">BF575.F66</subfield>
         <subfield code="b">G656 2015</subfield>
      </datafield>
      <datafield ind1="0" ind2="4" tag="082">
         <subfield code="a">302.34097309033</subfield>
         <subfield code="2">23</subfield>
      </datafield>
      <datafield ind1=" " ind2=" " tag="090">
         <subfield code="a">Internet Access</subfield>
         <subfield code="b">AEU</subfield>
      </datafield>
      <datafield ind1=" " ind2=" " tag="090">
         <subfield code="a">Internet Access</subfield>
         <subfield code="b">AEGMCT</subfield>
      </datafield>
      <datafield ind1="1" ind2=" " tag="100">
         <subfield code="a">Good, Cassandra A.,</subfield>
         <subfield code="e">author.</subfield>
         <subfield code="0">http://id.loc.gov/authorities/names/n2014073797</subfield>
         <subfield code="0">http://viaf.org/viaf/311769824</subfield>
      </datafield>
      <datafield ind1="1" ind2="0" tag="245">
         <subfield code="a">Founding friendships :</subfield>
         <subfield code="b">friendships between men and women in the early American republic /</subfield>
         <subfield code="c">Cassandra A. Good.</subfield>
      </datafield>
      <datafield ind1=" " ind2="1" tag="264">
         <subfield code="a">New York :</subfield>
         <subfield code="b">Oxford University Press,</subfield>
         <subfield code="c">2015.</subfield>
      </datafield>
      <datafield ind1=" " ind2=" " tag="300">
         <subfield code="a">1 online resource</subfield>
      </datafield>
      <datafield ind1=" " ind2=" " tag="336">
         <subfield code="a">text</subfield>
         <subfield code="2">rdacontent</subfield>
         <subfield code="0">http://id.loc.gov/vocabulary/contentTypes/txt</subfield>
      </datafield>
      <datafield ind1=" " ind2=" " tag="337">
         <subfield code="a">computer</subfield>
         <subfield code="2">rdamedia</subfield>
         <subfield code="0">http://id.loc.gov/vocabulary/mediaTypes/c</subfield>
      </datafield>
      <datafield ind1=" " ind2=" " tag="338">
         <subfield code="a">online resource</subfield>
         <subfield code="2">rdacarrier</subfield>
         <subfield code="0">http://id.loc.gov/vocabulary/carriers/cr</subfield>
      </datafield>
      <datafield ind1=" " ind2=" " tag="504">
         <subfield code="a">Includes bibliographical references and index.</subfield>
      </datafield>
      <datafield ind1=" " ind2=" " tag="506">
         <subfield code="a">Access restricted to authorized users and institutions.</subfield>
      </datafield>
      <datafield ind1="8" ind2=" " tag="520">
         <subfield code="a">Elite men and women in America over two hundred years ago formed loving, politically significant friendships. Abigail Adams called her friend Thomas Jefferson 'one of the choice ones on earth,' while George Washington signed a letter to his friend Elizabeth Powel with the words 'I am always Yours.' The emotionally rich language of this period is often mistaken for romance, but this book's innovative analysis of letters, diaries, poetry and novels in the past reveals that friendships between men and women were quite common.</subfield>
      </datafield>
      <datafield ind1=" " ind2=" " tag="588">
         <subfield code="a">Description based on print version record.</subfield>
      </datafield>
      <datafield ind1=" " ind2=" " tag="596">
         <subfield code="a">44 57</subfield>
      </datafield>
      <datafield ind1=" " ind2="0" tag="650">
         <subfield code="a">Friendship</subfield>
         <subfield code="z">United States</subfield>
         <subfield code="x">History</subfield>
         <subfield code="y">18th century.</subfield>
      </datafield>
      <datafield ind1=" " ind2="0" tag="650">
         <subfield code="a">Friendship</subfield>
         <subfield code="z">United States</subfield>
         <subfield code="x">History</subfield>
         <subfield code="y">19th century.</subfield>
      </datafield>
      <datafield ind1=" " ind2="0" tag="650">
         <subfield code="a">Man-woman relationships</subfield>
         <subfield code="z">United States</subfield>
         <subfield code="y">18th century.</subfield>
      </datafield>
      <datafield ind1=" " ind2="0" tag="650">
         <subfield code="a">Man-woman relationships</subfield>
         <subfield code="z">United States</subfield>
         <subfield code="y">19th century.</subfield>
      </datafield>
      <datafield ind1=" " ind2="0" tag="651">
         <subfield code="a">United States</subfield>
         <subfield code="x">History</subfield>
         <subfield code="y">1783-1865.</subfield>
         <subfield code="0">http://id.loc.gov/authorities/subjects/sh85140186</subfield>
      </datafield>
      <datafield ind1=" " ind2=" " tag="758">
         <subfield code="0">http://worldcat.org/entity/work/id/24508199</subfield>
      </datafield>
      <datafield ind1="0" ind2=" " tag="787">
         <subfield code="n">OCLC Work Id</subfield>
         <subfield code="o">http://worldcat.org/entity/work/id/24508199</subfield>
      </datafield>
      <datafield ind1="4" ind2="0" tag="856">
         <subfield code="3">University of Alberta Access</subfield>
         <subfield code="u">http://dx.doi.org/10.1093/acprof:oso/9780199376179.001.0001</subfield>
         <subfield code="z">(Unlimited Concurrent Users)</subfield>
      </datafield>
      <datafield ind1="4" ind2="0" tag="856">
         <subfield code="3">MacEwan University Access</subfield>
         <subfield code="u">http://dx.doi.org/10.1093/acprof:oso/9780199376179.001.0001</subfield>
         <subfield code="z">(Unlimited Concurrent Users)</subfield>
      </datafield>
      <datafield ind1=" " ind2=" " tag="949">
         <subfield code="h">UAIN</subfield>
         <subfield code="z">UPSO</subfield>
      </datafield>
      <datafield ind1=" " ind2=" " tag="926">
         <subfield code="a">Internet Access</subfield>
         <subfield code="w">LC</subfield>
         <subfield code="c">1</subfield>
         <subfield code="i">6799293-1001</subfield>
         <subfield code="l">INTERNET</subfield>
         <subfield code="m">GR_MAC_INT</subfield>
         <subfield code="r">Y</subfield>
         <subfield code="s">Y</subfield>
         <subfield code="t">E-RESOURCE</subfield>
         <subfield code="u">2/4/2015</subfield>
         <subfield code="x">E-BOOK</subfield>
         <subfield code="z">OSOGM</subfield>
      </datafield>
      <datafield ind1=" " ind2=" " tag="926">
         <subfield code="a">Internet Access</subfield>
         <subfield code="w">LC</subfield>
         <subfield code="c">1</subfield>
         <subfield code="i">6799293-2001</subfield>
         <subfield code="l">INTERNET</subfield>
         <subfield code="m">UAINTERNET</subfield>
         <subfield code="r">Y</subfield>
         <subfield code="s">Y</subfield>
         <subfield code="t">E-RESOURCE</subfield>
         <subfield code="u">2/6/2015</subfield>
         <subfield code="x">E-BOOK</subfield>
         <subfield code="z">UPSO</subfield>
      </datafield>
   </record>
</collection>
